@book{GraohTh,
author = {Diestel, Reinhard},
edition = {5th edition},
publisher = {Springer},
series = {Graduate texts in mathematics 173},
title = {Graph theory},
year = {2017},
}


@book{Handbook,
author = {Tamassia, Roberto},
title = {Handbook of graph drawing and visualization},
publisher = {CRC Press},
series = {Discrete mathematics and its applications},
year = {2014},
}


@book{DrawingAlgo,
author = {Di Battista, Giuseppe},
title = {Graph drawing algorithms for the visualization of graphs},
publisher = {Prentice Hall},
series = {An Alan R. Apt book},
year = {1999},
}


@misc{DrawingMeth,
author = {Kaufmann, Michael and Wagner, Dorothea},
title = {Drawing Graphs Methods and Models},
publisher = {Springer Berlin Heidelberg},
series = {Lecture Notes in Computer Science},
year = {2001},
}


@misc{Bläsius,
      title={Simultaneous Embedding of Planar Graphs}, 
      author={Thomas Bläsius and Stephen G. Kobourov and Ignaz Rutter},
      year={2015},
      url={https://arxiv.org/abs/1204.5853}, 
}