@book{GraohTh,
author = {Diestel, Reinhard},
edition = {5th edition},
publisher = {Springer},
series = {Graduate texts in mathematics 173},
title = {Graph theory},
year = {2017},
}


@book{Takao,
author = {Nishizeki, Takao and Rahman, Md. Saidur},
publisher = {World Scientific},
series = {Lecture notes series on computing 12},
title = {Planar graph drawing / Takao Nishizeki ; Md. Saidur Rahman},
year = {2004},
}


@book{Operation,
author = {Domschke, Wolfgang and Drexl, Andreas},
title = {Einf체hrung in Operations-Research},
edition = {7., 체berarb. Aufl.},
publisher = {Springer},
year = {2007},
}


@book{Handbook,
author = {Tamassia, Roberto},
title = {Handbook of graph drawing and visualization},
publisher = {CRC Press},
series = {Discrete mathematics and its applications},
year = {2014},
}


@book{DrawingMeth,
  title={Drawing graphs: methods and models},
  author={Kaufmann, Michael and Wagner, Dorothea},
  year={2003},
  publisher={Springer}
}


@misc{Bl채sius,
      title={Simultaneous Embedding of Planar Graphs}, 
      author={Thomas Bl채sius and Stephen G. Kobourov and Ignaz Rutter},
      year={2015},
      url={https://arxiv.org/abs/1204.5853}, 
}


@book{LinearProg,
author = {Vanderbei, Robert J.},
title = {Linear programming foundations and extensions},
edition = {4. ed.},
publisher = {Springer},
series = {International series in operations research \& management science 196},
year = {2014},
}

@misc{Gurobi,
      title={A computational study of off-the-shelf MINLP solvers on a benchmark set of congested capacitated facility location problems}, 
      author={Pasquale Avella and Alice Calamita and Laura Palagi},
      year={2023},
      url={https://arxiv.org/abs/2303.04216}, 
}


@misc{Gurobi2025,
  author       = {Gurobi Optimization, LLC},
  title        = {Gurobi Optimizer Documentation},
  year         = {2025},
  url          = {https://www.gurobi.com/documentation/},
  note         = {Accessed: 2025-04-11}
}




@article{BRASS2007117,
title = {On simultaneous planar graph embeddings},
journal = {Computational Geometry},
volume = {36},
number = {2},
pages = {117-130},
year = {2007},
url = {https://www.sciencedirect.com/science/article/pii/S0925772106000630},
author = {Peter Brass and Eowyn Cenek and Cristian A. Duncan and Alon Efrat and Cesim Erten and Dan P. Ismailescu and Stephen G. Kobourov and Anna Lubiw and Joseph S.B. Mitchell},
}


@article{DeFraysseix1990,
  author    = {De Fraysseix, H. and Pach, J. and Pollack, R.},
  title     = {How to draw a planar graph on a grid},
  journal   = {Combinatorica},
  year      = {1990},
  volume    = {10},
  number    = {1},
  pages     = {41--51},
  url       = {https://doi.org/10.1007/BF02122694},
}


@InProceedings{Estrella,
author="Estrella-Balderrama, Alejandro
and Gassner, Elisabeth
and J{\"u}nger, Michael
and Percan, Merijam
and Schaefer, Marcus
and Schulz, Michael",
title="Simultaneous Geometric Graph Embeddings",
booktitle="Graph Drawing",
year="2008",
publisher="Springer",
pages="280--290",
}


@article{CHROBAK1995241,
title = {A linear-time algorithm for drawing a planar graph on a grid},
journal = {Information Processing Letters},
volume = {54},
number = {4},
pages = {241-246},
year = {1995},
url = {https://www.sciencedirect.com/science/article/pii/002001909500020D},
author = {M. Chrobak and T.H. Payne},
}


@InProceedings{Gassner,
author="Gassner, Elisabeth
and J{\"u}nger, Michael
and Percan, Merijam
and Schaefer, Marcus
and Schulz, Michael",
title="Simultaneous Graph Embeddings with Fixed Edges",
booktitle="Graph-Theoretic Concepts in Computer Science",
year="2006",
publisher="Springer",
pages="325--335",
}


@article{Papakostas2000,
  author    = {Papakostas, A. and Tollis, I. G.},
  title     = {Efficient Orthogonal Drawings of High Degree Graphs},
  journal   = {Algorithmica},
  year      = {2000},
  volume    = {26},
  number    = {1},
  pages     = {100--125},
  url       = {https://doi.org/10.1007/s004539910006},
}


@InProceedings{Pairing,
author="Papakostas, Achilleas
and Tollis, Ioannis G.",
title="A pairing technique for area-efficient orthogonal drawings",
booktitle="Graph Drawing",
year="1997",
publisher="Springer",
pages="355--370",
}


@InProceedings{Biedl,
author="Biedl, Therese C.",
title="New lower bounds for orthogonal graph drawings",
booktitle="Graph Drawing",
year="1995",
publisher="Springer",
pages="28--39",
}


@InProceedings{NP-orth,
author="Formann, Michael
and Wagner, Frank",
title="The VLSI layout problem in various embedding models",
booktitle="Graph-Theoretic Concepts in Computer Science",
year="1991",
publisher="Springer",
pages="130--139",
}


@InProceedings{ILPBEND,
author="Mutzel, Petra
and Weiskircher, Ren{\'e}",
title="Bend Minimization in Orthogonal Drawings Using Integer Programming",
booktitle="Computing and Combinatorics",
year="2002",
publisher="Springer",
pages="484--493",
}

@article{BendsSize,
title = {Relating bends and size in orthogonal graph drawings},
journal = {Information Processing Letters},
volume = {65},
number = {2},
pages = {111-115},
year = {1998},
url = {https://www.sciencedirect.com/science/article/pii/S002001909700207X},
author = {Therese C. Biedl},
}